@misc{recursion_theorem,
  author = {Noatmeal},
  title = {{The Recursion Theorem}},
  howpublished = {\url{https://noatmeal.github.io/recursion_theorem/}},
  year = {2024}
}