@book{naiiveSet, 
title = "Naive Set Theory",
author="Paul R. Halmos",
year="1998",
publisher="Springer New York, NY"
}